<?xml version="1.0" encoding="UTF-8"?>
<record xmlns="http://www.loc.gov/MARC21/slim" xmlns:xsi="http://www.w3.org/2001/XMLSchema-instance" xsi:schemaLocation="http://www.loc.gov/MARC21/slim http://www.loc.gov/standards/marcxml/schema/MARC21slim.xsd">
<leader>00000cam a22      a 4500</leader>
<controlfield tag="001">001619955</controlfield>
<controlfield tag="003">NNU</controlfield>
<controlfield tag="005">20160113163524.0</controlfield>
<controlfield tag="008">040518s1914    ua       b    000 0 ara d</controlfield>
<datafield tag="035" ind1=" " ind2=" ">
<subfield code="a">(OCoLC)55203462</subfield>
</datafield>
<datafield tag="040" ind1=" " ind2=" ">
<subfield code="a">ZYU</subfield>
<subfield code="b">eng</subfield>
<subfield code="c">ZYU</subfield>
<subfield code="d">OCLCG</subfield>
<subfield code="d">OCLCA</subfield>
<subfield code="d">OCLCQ</subfield>
<subfield code="d">OCLCO</subfield>
<subfield code="d">OCLCA</subfield>
<subfield code="d">OCLCF</subfield>
<subfield code="d">NNU</subfield>
</datafield>
<datafield tag="041" ind1="0" ind2=" ">
<subfield code="a">arafre</subfield>
</datafield>
<datafield tag="043" ind1=" " ind2=" ">
<subfield code="a">f-ua---</subfield>
</datafield>
<datafield tag="050" ind1=" " ind2="4">
<subfield code="a">DT95.55</subfield>
<subfield code="b">.I18 1914</subfield>
</datafield>
<datafield tag="100" ind1="0" ind2=" ">
<subfield code="6">880-01</subfield>
<subfield code="a">Ibn ʻAbd al-Ḥakam,</subfield>
<subfield code="d">-870 or 871.</subfield>
</datafield>
<datafield tag="240" ind1="1" ind2="0">
<subfield code="6">880-02</subfield>
<subfield code="a">Kitāb Futūḥ Miṣr wa-al-Maghrib wa-al-Andalus</subfield>
</datafield>
<datafield tag="245" ind1="1" ind2="0">
<subfield code="6">880-03</subfield>
<subfield code="a">Kitāb Futūḥ Miṣr wa-akhbāruhā /</subfield>
<subfield code="c">taʼlīf Abī al-Qasam ʻAbd al-Raḥmān ibn ʻAbd Allāh ibn ʻAbd al-Ḥakam ibn Aʻyan al-Qurshī al-Miṣrī :ʻuniya bi-nashrihi wa-taṣḥīḥihi Hinrī Māsayah.</subfield>
</datafield>
<datafield tag="246" ind1="3" ind2="0">
<subfield code="6">880-04</subfield>
<subfield code="a">Futūḥ Miṣr wa-akhbāruhā</subfield>
</datafield>
<datafield tag="246" ind1="1" ind2="5">
<subfield code="a">Livre de la conquête de l'Égypte du Magreb et de l'Espagne</subfield>
</datafield>
<datafield tag="260" ind1=" " ind2=" ">
<subfield code="6">880-05</subfield>
<subfield code="a">al-Qāhirah :</subfield>
<subfield code="b">Maṭbaʻat Majlis al-Maʻārif al-Faransāwī al-Khāṣṣ bi-ʻĀdāt al-Sharqīyah,</subfield>
<subfield code="c">1914.</subfield>
</datafield>
<datafield tag="300" ind1=" " ind2=" ">
<subfield code="a">iv, 82 pages ;</subfield>
<subfield code="c">28 cm.</subfield>
</datafield>
<datafield tag="336" ind1=" " ind2=" ">
<subfield code="a">text</subfield>
<subfield code="b">txt</subfield>
<subfield code="2">rdacontent</subfield>
</datafield>
<datafield tag="337" ind1=" " ind2=" ">
<subfield code="a">unmediated</subfield>
<subfield code="b">n</subfield>
<subfield code="2">rdamedia</subfield>
</datafield>
<datafield tag="338" ind1=" " ind2=" ">
<subfield code="a">volume</subfield>
<subfield code="b">nc</subfield>
<subfield code="2">rdacarrier</subfield>
</datafield>
<datafield tag="490" ind1="1" ind2=" ">
<subfield code="6">880-06</subfield>
<subfield code="a">Maṭbūʻāt Majlis al-Maʻārif al-Faransāwī al-Khāṣṣ bi-al-ʻĀdāt al-Sharqīyah</subfield>
</datafield>
<datafield tag="500" ind1=" " ind2=" ">
<subfield code="a">Preface in French.</subfield>
</datafield>
<datafield tag="504" ind1=" " ind2=" ">
<subfield code="a">Includes bibliographical references.</subfield>
</datafield>
<datafield tag="651" ind1=" " ind2="0">
<subfield code="a">Egypt</subfield>
<subfield code="x">History</subfield>
<subfield code="y">640-1250</subfield>
<subfield code="v">Early works to 1800.</subfield>
</datafield>
<datafield tag="651" ind1=" " ind2="7">
<subfield code="a">Egypt.</subfield>
<subfield code="2">fast</subfield>
<subfield code="0">(OCoLC)fst01208755</subfield>
</datafield>
<datafield tag="648" ind1=" " ind2="7">
<subfield code="a">640 - 1250.</subfield>
<subfield code="2">fast</subfield>
</datafield>
<datafield tag="655" ind1=" " ind2="7">
<subfield code="a">Early works.</subfield>
<subfield code="2">fast</subfield>
<subfield code="0">(OCoLC)fst01411636</subfield>
</datafield>
<datafield tag="655" ind1=" " ind2="7">
<subfield code="a">History.</subfield>
<subfield code="2">fast</subfield>
<subfield code="0">(OCoLC)fst01411628</subfield>
</datafield>
<datafield tag="700" ind1="1" ind2=" ">
<subfield code="6">880-07</subfield>
<subfield code="a">Massé, Henri,</subfield>
<subfield code="d">1886-1969.</subfield>
</datafield>
<datafield tag="740" ind1="0" ind2="2">
<subfield code="6">880-08</subfield>
<subfield code="a">Futūḥ Miṣr wa-al-Maghrib wa-al-Andalus.</subfield>
</datafield>
<datafield tag="776" ind1="0" ind2="8">
<subfield code="i">Online version:</subfield>
<subfield code="a">Ibn ʻAbd al-Ḥakam, -870 or 871.</subfield>
<subfield code="s">Kitāb Futūḥ Miṣr wa-al-Maghrib wa-al-Andalus.</subfield>
<subfield code="t">Kitāb Futūḥ Miṣr wa-akhbāruhā</subfield>
<subfield code="d">al-Qāhirah : Maṭbaʻat Majlis al-Maʻārif al-Faransāwī al-Khāṣṣ bi-ʻĀdāt al-Sharqīyah, 1914</subfield>
<subfield code="w">(OCoLC)862834530</subfield>
</datafield>
<datafield tag="880" ind1="0" ind2=" ">
<subfield code="6">100-01/</subfield>
<subfield code="a">ابن عبد الحكم،</subfield>
<subfield code="d">-870 or 871.</subfield>
</datafield>
<datafield tag="880" ind1="1" ind2="0">
<subfield code="6">240-02/</subfield>
<subfield code="a">‏كتاب فتوح مصر والمغرب والاندلس</subfield>
</datafield>
<datafield tag="880" ind1="1" ind2="0">
<subfield code="6">245-03/</subfield>
<subfield code="a">كتاب فتوح مصر وأخبارها /</subfield>
<subfield code="c">تأليف أبي القسم عبد الرحمن بن عبد الله بن عبد الحكم ابن اعين القرشي المصري ؛ رواية أبي القسم علي بن الحسن بن خلف بن قديد عنه رواية أبي بكر محمد بن أحمد بن الفرج القماح عنه رواية أبي الحسن علي بن منير بن أحمد الخلال عنه رواية أبي صادق مرشد ابن يحيى بن القسم إجازة عنه ؛ عني بنشره وتصحيحه هنري ماسيه.</subfield>
</datafield>
<datafield tag="880" ind1="3" ind2="0">
<subfield code="6">246-04/</subfield>
<subfield code="a">‏فتوح مصر وأخبارها</subfield>
</datafield>
<datafield tag="880" ind1=" " ind2=" ">
<subfield code="6">260-05/</subfield>
<subfield code="a">‏القاهرة :‏</subfield>
<subfield code="b">‏مطبعة مجلس المعارف الفرنساوي الخاص بالعادات الشرقية،‏</subfield>
<subfield code="c">‏١٩١٤.</subfield>
</datafield>
<datafield tag="880" ind1="1" ind2=" ">
<subfield code="6">490-06/</subfield>
<subfield code="a">مطبوعات مجلس المعارف الفرنساوي الخاص بالعادات الشرقية</subfield>
</datafield>
<datafield tag="880" ind1="1" ind2=" ">
<subfield code="6">700-07/</subfield>
<subfield code="a">‏ماسيه، هنري،</subfield>
<subfield code="d">1886-1969.</subfield>
</datafield>
<datafield tag="880" ind1="0" ind2="2">
<subfield code="6">740-08/</subfield>
<subfield code="a">‏فتوح مصر والمغرب والأندلس.</subfield>
</datafield>
<datafield tag="830" ind1=" " ind2="0">
<subfield code="a">Publications de l'Institut français d'archéologie orientale du Caire.</subfield>
</datafield>
<datafield tag="OWN" ind1=" " ind2=" ">
<subfield code="a">GENERAL</subfield>
</datafield>
<datafield tag="AVA" ind1=" " ind2=" ">
<subfield code="a">NYU50</subfield>
<subfield code="b">BOBST</subfield>
<subfield code="c">Main Collection</subfield>
<subfield code="d">DT95.55 .I18 1914</subfield>
<subfield code="e">unavailable</subfield>
<subfield code="t">Unavailable</subfield>
<subfield code="f">1</subfield>
<subfield code="g">1</subfield>
<subfield code="h">N</subfield>
<subfield code="i">4</subfield>
<subfield code="j">MAIN</subfield>
<subfield code="k">0</subfield>
</datafield>
</record>
